@book{Russell2016,
  author = {Russell, S. and Norvig, P.},
  title = {Artificial Intelligence: A Modern Approach, Global Edition},
  year = {2016}
}

@article{Li2017,
  author = {Li, S. and Gao, F.},
  title = {基于卷积神经网络的手写数字识别},
  journal = {浙江理工大学学报(自然科学版)},
  volume = {37},
  number = {03},
  pages = {438-443},
  year = {2017}
}

@misc{LeCun2015,
  author = {LeCun, Y.},
  title = {LeNet-5, convolutional neural networks},
  howpublished = {\url{http://yann.lecun.com/exdb/lenet}},
  year = {2015}
}

@incollection{HechtNielsen1992,
  author = {Hecht-Nielsen, R.},
  title = {Theory of the backpropagation neural network},
  booktitle = {Neural networks for perception},
  publisher = {Elsevier},
  year = {1992},
  pages = {65-93}
}

@book{Kelleher2019,
  author = {Kelleher, J. D.},
  title = {Deep Learning},
  publisher = {MIT Press},
  year = {2019}
}

@article{Zhang2021a,
  author = {Zhang, L. and Chen, H. and Chang, Y. and Zhang, J.},
  title = {基于KNN算法的手写数字识别技术研究},
  journal = {电脑编程技巧与维护},
  number = {11},
  pages = {123-124+132},
  year = {2021}
}

@article{Zhang2021b,
  author = {Zhang, L.},
  title = {基于SVM的手写数字识别},
  journal = {电子技术与软件工程},
  number = {23},
  pages = {166-167},
  year = {2021}
}

@article{U2014,
  author = {Ravi Babu U and Venkateswarlu Y and Chintha A K},
  title = {Handwritten Digit Recognition Using K-Nearest Neighbour Classifier},
  journal = {International Journal of Computer Science and Mobile Computing},
  volume={3},
  number={5},
  pages = {100-107},
  year = {2014}
}

@article{Rashnodi2011,
  author = {Rashnodi, O. and Sajedi, H. and Saniee, M.},
  title = {Persian Handwritten Digit Recognition using Support Vector Machines},
  journal = {International Journal of Computer Applications},
  volume = {29},
  number = {12},
  pages = {1-6},
  year = {2011}
}

@article{Lee2017,
  author = {Lee, K. B. and Cheon, S. and Kim, C. O.},
  title = {A convolutional neural network for fault classification and diagnosis in semiconductor manufacturing processes},
  journal = {IEEE Transactions on Semiconductor Manufacturing},
  volume = {30},
  number = {2},
  pages = {135-142},
  year = {2017}
}

@inproceedings{LeCun1990,
  author = {LeCun, Y. and Boser, B. and Denker, J. S. and Henderson, D. and Howard, R. E. and Hubbard, W. and Jackel, L. D.},
  title = {Handwritten digit recognition with a back-propagation network},
  booktitle = {Advances in neural information processing systems},
  year = {1990},
  pages = {396-404}
}

@inproceedings{Krizhevsky2012,
  author = {Krizhevsky, A. and Sutskever, I. and Hinton,G. E.},
title = {ImageNet Classification with Deep Convolutional Neural Networks},
booktitle = {Advances in neural information processing systems},
year = {2012},
pages = {1097-1105}
}

@article{Simonyan2014,
author = {Simonyan, K. and Zisserman, A.},
title = {Very deep convolutional networks for large-scale image recognition},
journal = {arXiv preprint arXiv:1409.1556},
year = {2014}
}

@inproceedings{Siddique2019,
author = {Siddique, F. and Sakib, S. and Siddique, M. A. B.},
title = {Recognition of handwritten digit using convolutional neural network in python with tensorflow and comparison of performance for various hidden layers},
booktitle = {2019 5th International Conference on Advances in Electrical Engineering (ICAEE)},
year = {2019},
pages = {541-546}
}

@misc{LeCun1998,
author = {LeCun, Y.},
title = {The MNIST database of handwritten digits},
howpublished = {\url{http://yann.lecun.com/exdb/mnist/}},
year = {1998}
}

@article{Kussul2004,
author = {Kussul, E. and Baidyk, T.},
title = {Improved method of handwritten digit recognition tested on MNIST database},
journal = {Image and Vision Computing},
volume = {22},
number = {12},
pages = {971-981},
year = {2004}
}

@inproceedings{Liu2020,
author = {Liu, W. and Wei, J. and Meng, Q.},
title = {Comparisions on KNN, SVM, BP and the CNN for Handwritten Digit Recognition},
booktitle = {2020 IEEE International Conference on Advances in Electrical Engineering and Computer Applications (AEECA)},
year = {2020},
pages = {587-590}
}

@inproceedings{Glorot2011,
author = {Glorot, X. and Bordes, A. and Bengio, Y.},
title = {Deep sparse rectifier neural networks},
booktitle = {Proceedings of the fourteenth international conference on artificial intelligence and statistics},
year = {2011},
pages = {315-323}
}

@misc{TensorFlow,
title = {TensorFlow},
howpublished = {\url{https://www.tensorflow.org}},
}

@article{Hoo2017,
author = {Hoo, Z. H. and Candlish, J. and Teare, D.},
title = {What is an ROC curve?},
journal = {Emergency Medicine Journal},
volume = {34},
number = {6},
pages = {357-359},
year = {2017}
}

@inproceedings{He2016,
author = {He, K. and Zhang, X. and Ren, S. and Sun, J.},
title = {Deep residual learning for image recognition},
booktitle = {Proceedings of the IEEE Conference on Computer Vision and Pattern Recognition},
year = {2016},
pages = {770-778}
}

